<?xml version="1.0" encoding="UTF-8"?><collection xmlns="http://www.loc.gov/MARC21/slim"><record><leader>00359nam--2200133-i-4500</leader><controlfield tag="001">000017871</controlfield><controlfield tag="002">20161230</controlfield><controlfield tag="005">20161230201032</controlfield><controlfield tag="008">060222s1000------------r-----000-0-eng-d</controlfield><datafield ind1=" " ind2=" " tag="100"><subfield code="a">Johnson, A</subfield></datafield><datafield ind1=" " ind2=" " tag="245"><subfield code="a">Factors affecting the economics of the approah to equilibrium for an agr fuel cycle</subfield></datafield><datafield ind1=" " ind2=" " tag="260"><subfield code="a">Warrington, Bnfl., 1968</subfield></datafield><datafield ind1=" " ind2=" " tag="490"><subfield code="a">Bnfl</subfield></datafield><datafield ind1=" " ind2=" " tag="852"><subfield code="a">79626</subfield></datafield></record></collection>